<?xml version="1.0" encoding="UTF-8"?><collection xmlns="http://www.loc.gov/MARC21/slim"><record><leader>00439nam--2200133-i-4500</leader><controlfield tag="001">000009768</controlfield><controlfield tag="002">20161230</controlfield><controlfield tag="005">20161230201028</controlfield><controlfield tag="008">060222s1000------------r-----000-0-eng-d</controlfield><datafield ind1=" " ind2=" " tag="100"><subfield code="a">Beckman, Margaret And Langmead, Stephen</subfield></datafield><datafield ind1=" " ind2=" " tag="245"><subfield code="a">New library design. guide lines to planning. a cademic library buildings</subfield></datafield><datafield ind1=" " ind2=" " tag="260"><subfield code="a">Toronto, John Wiley And Sons Canada, Ltd, 1970 Ix + 117 P</subfield></datafield><datafield ind1=" " ind2=" " tag="490"><subfield code="a">A Wiley-becker-hayes Publication</subfield></datafield><datafield ind1=" " ind2=" " tag="852"><subfield code="a">35265</subfield></datafield></record></collection>